@BOOK{
BOOK:1,
AUTHOR="Véronique Cortier, Pierrick Gaudry, Stéphane Glondu",
TITLE="Belenios: A Simple Private and Verifiable Electronic Voting System",
YEAR="2019",
}

@BOOK{
BOOK:2,
AUTHOR="Véronique Cortier, Constantin Catalin Dragan, Pierre-Yves Strub, François Dupressoir, Bogdan Warinschi",
TITLE="Machine-checked proofs for electronic votin: privacy and verifiability for Belenios.",
YEAR="2018",
}

@MISC{
WEBSITE:1,
HOWPUBLISHED = "\url{http://www.belenios.org/howitworks.html}",
TITLE = "How does Belenios work?",
NOTE = "Last accessed on 2020-26-05"
}

@MISC{
WEBSITE:2,
HOWPUBLISHED = "\url{https://en.wikipedia.org/wiki/ElGamal_encryption}",
TITLE = "ElGamal encryption",
NOTE = "Last accessed on 2020-26-05",
}

@MISC{
WEBSITE:3,
HOWPUBLISHED = "\url{http://exo7.emath.fr/cours/ch_groupe.pdf}",
TITLE = "Groupes",
AUTHOR = "Arnaud Bodin, Benjamin Boutin, Pascal Romon",
NOTE = "Last accessed on 2020-26-05",
}

@MISC{
WEBSITE:4,
HOWPUBLISHED = "\url{https://en.wikipedia.org/wiki/Schnorr_signature}",
TITLE = "Schnorr signature",
NOTE = "Last accessed on 2020-26-05",
}

@MISC{
WEBSITE:5,
HOWPUBLISHED = "\url{https://en.wikipedia.org/wiki/Fiat%E2%80%93Shamir_heuristic}",
TITLE = "Fiat-Shamir heuristic",
NOTE = "Last accessed on 2020-26-05",
}

@MISC{
WEBSITE:6,
HOWPUBLISHED = "\url{https://www.easycrypt.info/trac/}",
TITLE = "EasyCrypt",
NOTE = "Last accessed in 2020-26-05",
}

@MISC{
WEBSITE:7,
HOWPUBLISHED = "\url{https://gitlab.inria.fr/belenios/belenios/-/tree/master}",
TITLE = "Belenios source code",
NOTE = "Last accessed in 2020-26-05",
}

@MISC{
WEBSITE:8,
HOWPUBLISHED = "\url{https://ocaml.org/releases/4.10/htmlman/foreword.html}",
TITLE = "Ocaml foreword",
NOTE = "Last accessed in 2020-26-05",
}

@MISC{
WEBSITE:9,
HOWPUBLISHED = "\url{https://members.loria.fr/VCortier/files/Teaching/Cours2-Telecom.pdf}",
AUTHOR= "Véronique Cortier",
TITLE = "Formal model of security protocols",
NOTE = "Last accessed in 2020-26-05",
}

@MISC{
WEBSITE:10,
HOWPUBLISHED = "\url{https://bensmyth.com/files/Smyth10-applied-pi-calculus.pdf}",
AUTHOR= "Ben Smyth",
TITLE = "Applied pi calculus",
MONTH = "July",
YEAR = "2010",
NOTE = "Last accessed in 2020-26-05",
}